@article{barnett2018cisco,
  title={Cisco visual networking index (vni) complete forecast update, 2017--2022},
  author={Barnett, Thomas and Jain, Shruti and Andra, Usha and Khurana, Taru},
  journal={Americas/EMEAR Cisco Knowledge Network (CKN) Presentation},
  pages={1--30},
  year={2018}
}

@manual{1994H.262/MPEG-2,
	title={Generic Coding of Moving Pictures and Associated Audio Informationâ€”Part 2: Video},
	author = {ITU-T and {ISO/IEC JTC 1}},
	organization = {ITU-T Rec. H.262 and ISO/IEC 13818-2 (MPEG-2 Video), version 1},
	year= 1994
}

@article{avcoverview,
  title={Overview of the H.264/AVC video coding standard},
  author={Wiegand, Thomas and Sullivan, Gary J and Bjontegaard, Gisle and Luthra, Ajay},
  journal={IEEE Transactions on circuits and systems for video technology},
  volume={13},
  number={7},
  pages={560--576},
  year={2003},
  publisher={IEEE}
}

@article{sullivan2012hevcoverview,
  title={Overview of the high efficiency video coding (HEVC) standard},
  author={Sullivan, Gary J and Ohm, Jens-Rainer and Han, Woo-Jin and Wiegand, Thomas},
  journal={IEEE Transactions on circuits and systems for video technology},
  volume={22},
  number={12},
  pages={1649--1668},
  year={2012},
  publisher={IEEE}
}

@article{bross2021vvcoverview,
  title={Overview of the versatile video coding (VVC) standard and its applications},
  author={Bross, Benjamin and Wang, Ye-Kui and Ye, Yan and Liu, Shan and Chen, Jianle and Sullivan, Gary J and Ohm, Jens-Rainer},
  journal={IEEE Transactions on Circuits and Systems for Video Technology},
  volume={31},
  number={10},
  pages={3736--3764},
  year={2021},
  publisher={IEEE}
}

@inproceedings{zhang2019avs3overview,
  title={Recent development of AVS video coding standard: AVS3},
  author={Zhang, Jiaqi and Jia, Chuanmin and Lei, Meng and Wang, Shanshe and Ma, Siwei and Gao, Wen},
  booktitle={2019 picture coding symposium (PCS)},
  pages={1--5},
  year={2019},
  organization={IEEE}
}

@article{huang2019vvcbt,
  title={A VVC proposal with quaternary tree plus binary-ternary tree coding block structure and advanced coding techniques},
  author={Huang, Yu-Wen and Hsu, Chih-Wei and Chen, Ching-Yeh and Chuang, Tzu-Der and Hsiang, Shih-Ta and Chen, Chun-Chia and Chiang, Man-Shu and Lai, Chen-Yen and Tsai, Chia-Ming and Su, Yu-Chi and others},
  journal={IEEE Transactions on Circuits and Systems for Video Technology},
  volume={30},
  number={5},
  pages={1311--1325},
  year={2019},
  publisher={IEEE}
}


@inproceedings{wang2019extendedpartition,
  title={Extended quad-tree partitioning for future video coding},
  author={Wang, Meng and Li, Junru and Zhang, Li and Zhang, Kai and Liu, Hongbin and Wang, Shiqi and Kwong, Sam and Ma, Siwei},
  booktitle={2019 Data compression conference (DCC)},
  pages={300--309},
  year={2019},
  organization={IEEE}
}

@inproceedings{fan2020avs3codingtools,
  title={Performance and computational complexity analysis of coding tools in AVS3},
  author={Fan, Kui and Cai, Yangang and Gao, Xuesong and Chen, Weiqiang and Wu, Shengyuan and Wang, Zhenyu and Wang, Ronggang and Gao, Wen},
  booktitle={2020 IEEE International Conference on Multimedia \& Expo Workshops (ICMEW)},
  pages={1--6},
  year={2020},
  organization={IEEE}
}

@inproceedings{avs3standard,
  title={Recent development of AVS video coding standard: AVS3},
  author={Zhang, Jiaqi and Jia, Chuanmin and Lei, Meng and Wang, Shanshe and Ma, Siwei and Gao, Wen},
  booktitle={2019 picture coding symposium (PCS)},
  pages={1--5},
  year={2019},
  organization={IEEE}
}

@article{jamali2018fast,
  title={Fast HEVC intra mode decision based on RDO cost prediction},
  author={Jamali, Mohammadreza and Coulombe, St{\'e}phane},
  journal={IEEE transactions on broadcasting},
  volume={65},
  number={1},
  pages={109--122},
  year={2018},
  publisher={IEEE}
}

@article{pastuszak2015algorithm,
  title={Algorithm and architecture design of the H. 265/HEVC intra encoder},
  author={Pastuszak, Grzegorz and Abramowski, Andrzej},
  journal={IEEE Transactions on circuits and systems for video technology},
  volume={26},
  number={1},
  pages={210--222},
  year={2015},
  publisher={IEEE}
}

@article{zhang2019high,
  title={High-performance algorithm adaptations and hardware architecture for HEVC intra encoders},
  author={Zhang, Yuanzhi and Lu, Chao},
  journal={IEEE Transactions on Circuits and Systems for Video Technology},
  volume={29},
  number={7},
  pages={2138--2145},
  year={2019},
  publisher={IEEE}
}

@inproceedings{yan2022efficient,
  title={Efficient Algorithm and Hardware Architecture for Rate Estimation in Mode Decision of AVS3},
  author={Yan, Yunyao and Xiang, Guoqing and Xie, Xiaodong and Jia, Huizhu and Li, Yuan and Zhang, Peng and Chen, Jie},
  booktitle={2022 IEEE International Conference on Multimedia and Expo (ICME)},
  pages={1--6},
  year={2022},
  organization={IEEE}
}

@inproceedings{sainio2023rdo,
  title={RDO Candidate Selection for Maximizing Coding Efficiency in a Practical HEVC Encoder},
  author={Sainio, Joose and Mercat, Alexandre and Vanne, Jarno},
  booktitle={ICASSP 2023-2023 IEEE International Conference on Acoustics, Speech and Signal Processing (ICASSP)},
  pages={1--5},
  year={2023},
  organization={IEEE}
}

@article{liu2023deep,
  title={Deep Multi-task Learning based Fast Intra-mode Decision for Versatile Video Coding},
  author={Liu, Zheng and Li, Tianyi and Chen, Ying and Wei, Kaijin and Xu, Mai and Qi, Honggang},
  journal={IEEE Transactions on Circuits and Systems for Video Technology},
  year={2023},
  publisher={IEEE}
}

@article{yin2014fasttrellis,
  title={Fast soft decision quantization with adaptive preselection and dynamic trellis graph},
  author={Yin, Hai Bing and Yang, En-Hui and Yu, Xiang and Xia, Zhelei},
  journal={IEEE Transactions on Circuits and Systems for Video Technology},
  volume={25},
  number={8},
  pages={1362--1375},
  year={2014},
  publisher={IEEE}
}

@inproceedings{wang2017fast,
  title={Fast rate distortion optimized quantization method for HEVC},
  author={Wang, Meng and Xie, Xiaodong and Fan, Hongfei and Wang, Shanshe and Li, Junru and Dong, Shengfu and Xiang, Guoqing and Jia, Huizhu},
  booktitle={2017 IEEE International Symposium on Circuits and Systems (ISCAS)},
  pages={1--4},
  year={2017},
  organization={IEEE}
}

@article{yin2019efficient,
  title={Efficient hard-decision quantization using an adaptive deadzone offset model for video coding},
  author={Yin, Haibing and Wang, Hongkui and Huang, Xiaofeng and Yin, Huabing},
  journal={IEEE Access},
  volume={7},
  pages={151215--151229},
  year={2019},
  publisher={IEEE}
}

@article{wang2021trellis,
  title={Low Complexity Trellis-Coded Quantization in Versatile Video Coding},
  author={Wang, Meng and Wang, Shiqi and Li, Junru and Zhang, Li and Wang, Yue and Ma, Siwei and Kwong, Sam},
  journal={IEEE Transactions on Image Processing},
  volume={30},
  pages={2378--2393},
  year={2021},
  publisher={IEEE}
}

@article{lee2015fastquantizationmethod,
  title={Fast quantization method with simplified rate--distortion optimized quantization for an HEVC encoder},
  author={Lee, Hoyoung and Yang, Seungha and Park, Younghyeon and Jeon, Byeungwoo},
  journal={IEEE Transactions on Circuits and Systems for Video Technology},
  volume={26},
  number={1},
  pages={107--116},
  year={2015},
  publisher={IEEE}
}

@inproceedings{zhang2015fastrdoq,
  title={Fast rate distortion optimized quantization for HEVC},
  author={Zhang, Yongfei and Tian, Rui and Liu, Jiangang and Wang, Ning},
  booktitle={2015 Visual Communications and Image Processing (VCIP)},
  pages={1--4},
  year={2015},
  organization={IEEE}
}

@article{lee2016all-zero,
  title={An all-zero block detection scheme for low-complexity HEVC encoders},
  author={Lee, Bumshik and Jung, Jaehong and Kim, Munchurl},
  journal={IEEE Transactions on Multimedia},
  volume={18},
  number={7},
  pages={1257--1268},
  year={2016},
  publisher={IEEE}
}

@inproceedings{wang2017fastrdoq,
  title={Fast rate distortion optimized quantization method based on early detection of zero block for hevc},
  author={Wang, Meng and Xie, Xiaodong and Li, Junru and Jia, Huizhu and Gao, Wen},
  booktitle={2017 IEEE Third International Conference on Multimedia Big Data (BigMM)},
  pages={90--93},
  year={2017},
  organization={IEEE}
}

@article{fan2016hybridzreoblock,
  title={Hybrid zero block detection for high efficiency video coding},
  author={Fan, Hongfei and Wang, Ronggang and Ding, Lin and Xie, Xiaodong and Jia, Huizhu and Gao, Wen},
  journal={IEEE Transactions on Multimedia},
  volume={18},
  number={3},
  pages={537--543},
  year={2016},
  publisher={IEEE}
}

@article{cui2018hybrid,
  title={Hybrid all zero soft quantized block detection for HEVC},
  author={Cui, Jing and Xiong, Ruiqin and Zhang, Xinfeng and Wang, Shiqi and Wang, Shanshe and Ma, Siwei and Gao, Wen},
  journal={IEEE Transactions on Image Processing},
  volume={27},
  number={10},
  pages={4987--5001},
  year={2018},
  publisher={IEEE}
}

@inproceedings{cui2017adaptive,
  title={An adaptive and low-complexity all-zero block detection for HEVC encoder},
  author={Cui, Jing and Xiong, Ruiqin and Luo, Falei and Wang, Shanshe and Ma, Siwei},
  booktitle={2017 IEEE International Symposium on Circuits and Systems (ISCAS)},
  pages={1--4},
  year={2017},
  organization={IEEE}
}

@article{wei2019all,
  title={All zero block detection for HEVC based on the quantization level of the maximum transform coefficient},
  author={Wei, Henglu and Zhou, Wei and Zhang, Xiu and Zhou, Xin and Duan, Zhemin},
  journal={Multimedia Tools and Applications},
  volume={78},
  pages={363--387},
  year={2019},
  publisher={Springer}
}

@article{yin2018efficient,
  title={An efficient all-zero block detection algorithm for high efficiency video coding with RDOQ},
  author={Yin, Haibing and Cai, Hao and Yang, Enhui and Zhou, Yang and Wu, Jiao},
  journal={Signal Processing: Image Communication},
  volume={60},
  pages={79--90},
  year={2018},
  publisher={Elsevier}
}

@article{yin2020multistageallzerodetection,
  title={Multi-stage all-zero block detection for HEVC coding using machine learning},
  author={Yin, Haibing and Yang, Haoyun and Huang, Xiaofeng and Wang, Hongkui and Yan, Chenggang},
  journal={Journal of Visual Communication and Image Representation},
  volume={73},
  pages={102945},
  year={2020},
  publisher={Elsevier}
}

@inproceedings{xu2018simplifiedrdoq,
  title={Simplified rate-distortion optimized quantization for HEVC},
  author={Xu, Motong and Canh, Thuong Nguyen and Jeon, Byeungwoo},
  booktitle={2018 IEEE International Symposium on Broadband Multimedia Systems and Broadcasting (BMSB)},
  pages={1--6},
  year={2018},
  organization={IEEE}
}

@ARTICLE{xu2020simplifiedLevelEstimation,
  author={Xu, Motong and Nguyen Canh, Thuong and Jeon, Byeungwoo},
  journal={IEEE Transactions on Broadcasting}, 
  title={Simplified Level Estimation for Rate-Distortion Optimized Quantization of HEVC}, 
  year={2020},
  volume={66},
  number={1},
  pages={88-99},
  doi={10.1109/TBC.2019.2941063}}

@article{huang2015efficientquantization,
  title={Efficient quantization based on rate--distortion optimization for video coding},
  author={Huang, Tsung-Yau and Chen, Homer H},
  journal={IEEE Transactions on Circuits and Systems for Video Technology},
  volume={26},
  number={6},
  pages={1099--1106},
  year={2015},
  publisher={IEEE}
}

@article{cui2017Laplacedistributionbased,
  title={Hybrid Laplace distribution-based low complexity rate-distortion optimized quantization},
  author={Cui, Jing and Wang, Shanshe and Wang, Shiqi and Zhang, Xinfeng and Ma, Siwei and Gao, Wen},
  journal={IEEE Transactions on Image Processing},
  volume={26},
  number={8},
  pages={3802--3816},
  year={2017},
  publisher={IEEE}
}

@article{he2015highimplementationrdoq,
  title={High-speed implementation of rate-distortion optimised quantisation for H. 265/HEVC},
  author={He, Jing and Yang, Fuzheng and Zhou, Yicong},
  journal={IET Image Processing},
  volume={9},
  number={8},
  pages={652--661},
  year={2015},
  publisher={Wiley Online Library}
}

@inproceedings{wang2016improvedrdoq,
  title={Improved rate distortion optimized quantization for HEVC with adaptive thresholding},
  author={Wang, Jia and Yin, Haibing and Gao, Zhiyong and Zhang, Xiaoyun},
  booktitle={2016 IEEE International Symposium on Broadband Multimedia Systems and Broadcasting (BMSB)},
  pages={1--4},
  year={2016},
  organization={IEEE}
}

@inproceedings{canh2018rate,
  title={Rate-distortion optimized quantization: A deep learning approach},
  author={Canh, Thuong Nguyen and Xu, Motong and Jeon, Byeungwoo},
  booktitle={IEEE High Performance Extreme Computing Conference},
  year={2018}
}

@inproceedings{kianfar2020parallelized,
  title={Parallelized rate-distortion optimized quantization using deep learning},
  author={Kianfar, Dana and Wiggers, Auke and Said, Amir and Pourreza, Reza and Cohen, Taco},
  booktitle={2020 IEEE 22nd International Workshop on Multimedia Signal Processing (MMSP)},
  pages={1--6},
  year={2020},
  organization={IEEE}
}

@inproceedings{igarashi2018parallelGPU,
  title={Parallel rate distortion optimized quantization for 4K real-time GPU-based HEVC encoder},
  author={Igarashi, Hiroaki and Takano, Fumiyo and Takenaka, Takashi and Inoue, Hiroaki and Moriyoshi, Tatsuji},
  booktitle={2018 IEEE Visual Communications and Image Processing (VCIP)},
  pages={1--4},
  year={2018},
  organization={IEEE}
}

@article{bjontegaard2001calculationofPSNR,
  title={Calculation of average PSNR differences between RD-curves},
  author={Bjontegaard, Gisle},
  journal={ITU SG16 Doc. VCEG-M33},
  year={2001}
}

@inproceedings{xu2022hardwarefriendlyforrdoq,
  title={Hardware-friendly fast rate-distortion optimized quantization algorithm for AVS3},
  author={Xu, Jinchang and Xiang, Guoqing and Yan, Yunyao and Wen, Yingbo and Huang, Xiaofeng and Zhang, Peng and Yan, Wei},
  booktitle={Fourteenth International Conference on Digital Image Processing (ICDIP 2022)},
  volume={12342},
  pages={593--600},
  year={2022},
  organization={SPIE}
}

@inproceedings{zhao2023scanline,
  title={Scanline-based fast algorithm and pipelined hardware design of rate-distortion optimized quantization for AVS3},
  author={Zhao, Jiachen and Yang, Fan and Huang, Xiaofeng and Xiang, Guoqing and Zhang, Peng and Zhao, Liping and Yan, Wei},
  booktitle={2023 IEEE International Conference on Consumer Electronics (ICCE)},
  pages={1--6},
  year={2023},
  organization={IEEE}
}

@article{huang2023rate,
  title={Rate-Distortion Optimization-Based Learned Fractional Interpolation Filter Design for HEVC},
  author={Huang, Xiaofeng and Niu, Weihong and Zhang, Qiuyang and Yin, Haibing and Xiang, Guoqing and Wang, Shanshe and Ma, Siwei},
  journal={IEEE Transactions on Broadcasting},
  year={2023},
  publisher={IEEE}
}

@misc{HPM4.0,
    author={},
    title={{AVS3 Software Repository.}},
    organization={Accessed}, 
    url={https://gitlab.com/AVS3 software/hpm/-/tags/HPM-4.0.},
}

@inproceedings{wang2013transform,
  title={Transform coefficient coding design for AVS2 video coding standard},
  author={Wang, Jing and Wang, Xiaofeng and Ji, Tianying and He, Dake},
  booktitle={2013 Visual Communications and Image Processing (VCIP)},
  pages={1--6},
  year={2013},
  organization={IEEE}
}

@manual{wang2019coding,
	title={The coding method of the index of last non-zero coefficient in AVS3},
	author = {{Z. Wang, R. Wang and K. Fan}},
	organization = {AVS document M4649},
	year= 2019
}

@inproceedings{braatz2018high,
  title={High-throughput and low-power integrated direct/inverse hevc quantization hardware design},
  author={Braatz, Luciano and Zatt, Bruno and Palomino, Daniel and Agostini, Luciano and Porto, Marcelo},
  booktitle={2018 IEEE International Symposium on Circuits and Systems (ISCAS)},
  pages={1--5},
  year={2018},
  organization={IEEE}
}

@article{fan2019pipelined,
 title={A pipelined 2D transform architecture supporting mixed block sizes for the VVC standard},
 author={Fan, Yibo and Zeng, Yixuan and Sun, Heming and Katto, Jiro and Zeng, Xiaoyang},
 journal={IEEE Transactions on Circuits and Systems for Video Technology},
 volume={30},
 number={9},
 pages={3289--3295},
 year={2019},
 publisher={IEEE}
}

@article{meher2013efficient,
 title={Efficient integer DCT architectures for HEVC},
 author={Meher, Pramod Kumar and Park, Sang Yoon and Mohanty, Basant Kumar and Lim, Khoon Seong and Yeo, Chuohao},
 journal={IEEE Transactions on Circuits and systems for Video Technology},
 volume={24},
 number={1},
 pages={168--178},
 year={2013},
 publisher={IEEE}
}

@ARTICLE{Hao2023Multiple,
  author={Hao, Zhijian and Sun, Heming and Xiang, Guoqing and Zhang, Peng and Zeng, Xiaoyang and Fan, Yibo},
  journal={IEEE Transactions on Very Large Scale Integration (VLSI) Systems}, 
  title={A Reconfigurable Multiple Transform Selection Architecture for VVC}, 
  year={2023},
  volume={31},
  number={5},
  pages={658-669},
  doi={10.1109/TVLSI.2023.3245291}
  }

@article{sun2017fast,
  title={Fast algorithm and VLSI architecture of rate distortion optimization in H. 265/HEVC},
  author={Sun, Heming and Zhou, Dajiang and Hu, Landan and Kimura, Shinji and Goto, Satoshi},
  journal={IEEE Transactions on Multimedia},
  volume={19},
  number={11},
  pages={2375--2390},
  year={2017},
  publisher={IEEE}
}


@article{zhang2018highly,
  title={A highly parallel hardware architecture of table-based CABAC bit rate estimator in an HEVC intra encoder},
  author={Zhang, Yuanzhi and Lu, Chao},
  journal={IEEE Transactions on Circuits and Systems for Video Technology},
  volume={29},
  number={5},
  pages={1544--1558},
  year={2018},
  publisher={IEEE}
}

  @article{huang2018three,
  title={Three-level pipelined multi-resolution integer motion estimation engine with optimized reference data sharing search for AVS},
  author={Huang, Xiaofeng and Wei, Kaijin and Yin, Haibing and Zhu, Chuang and Jia, Huizhu and Xie, Don},
  journal={Journal of Real-Time Image Processing},
  volume={15},
  pages={43--55},
  year={2018},
  publisher={Springer}
}

@article{zhang2018efficient,
  title={Efficient algorithm adaptations and fully parallel hardware architecture of H. 265/HEVC intra encoder},
  author={Zhang, Yuanzhi and Lu, Chao},
  journal={IEEE Transactions on Circuits and Systems for Video Technology},
  volume={29},
  number={11},
  pages={3415--3429},
  year={2018},
  publisher={IEEE}
}

@book{harris2010digital,
  title={Digital design and computer architecture},
  author={Harris, David and Harris, Sarah},
  year={2010},
  publisher={Morgan Kaufmann}
}

@article{AVS3CTC,
  title={{AVS3-P2 Common Test Conditions V9.0}},
  author={Chen, J},
  journal={AVS-Doc, N2813},
  year={2020},
}

@Misc{UVG,
    title = {{Ultra Video Group.}},
    howpublished = {[Online]. Available: \url{https://ultravideo.fi/\#testsequences}},
    note = {Accessed 2015.},
    author = {}
}
